2996 4800
384 427 403 448 ,
710 377 713 378 ὲ
1107 294 1156 429 <
1245 324 1278 387 1
1306 319 1425 420 27
1496 289 1553 425 ·>
1820 397 1823 402 .

378 443 614 555 lgitur
675 441 1071 552 respondet
1132 440 1526 549 Capellus,
1612 438 2023 550 Josephum
2081 443 2280 530 hanc

375 552 796 667 praemififfe
821 555 917 638 de
951 554 1265 638 Paulina
1291 553 1843 655 narrationem,
1889 554 2279 665 posteriori

377 666 817 770 calamitati,
889 690 1227 781 quatuor
1254 693 1257 696 ’
1280 663 1619 750 millium
1667 666 2137 773 Iudaeorum,
2191 669 2281 754 in

372 779 808 892 Sardiniam
846 782 1264 890 pulsorum,
1314 777 1414 861 ob
1445 778 1816 890 infigne‘m
1854 778 2284 889 impostoris
2327 775 2334 784 ³

367 890 648 999 Judaei,
697 892 1064 1006 religione
1108 891 1230 976 sui
1293 893 1610 1004 Templi
1659 892 1839 978 dolo
1890 895 2091 977 malo
2155 893 2283 978 ab·
2310 914 2331 930 ’·

377 1006 670 1088 utentis
730 1005 1119 1090 fraudem·
1219 1003 1548 1115 Nequis‘
1582 1010 1830 1089 autem
1894 1008 2289 1093 Romanus

379 1115 871 1244 imposturam
900 1118 1118 1203 illam
1145 1116 1424 1224 Judaeis
1461 1148 1596 1226 per
1624 1117 2050 1203 convicium
2081 1120 2166 1202 in
2204 1149 2290 1204 os

378 1230 732 1343 objiceret
751 1298 777 1334 ,
858 1229 1321 1341 praemittere
1356 1283 1361 1286 ,
1391 1228 1710 1311 voluisse
1768 1230 1992 1315 aliam
2055 1232 2291 1344 longe

382 1343 813 1451 graviorem
840 1340 1149 1451 Equitis
1174 1339 1501 1422 Romani
1526 1340 1888 1448 religione
1901 1344 2293 1430 sacrorum

189 1522 198 1539 .
278 1558 287 1568 β
380 1455 703 1563 Templi
741 1452 946 1535 Ifidis
982 1452 1076 1533 ad
1103 1448 1616 1556 turpissimum
1650 1450 1940 1534 facinus
1977 1454 2295 1538 abuten-

388 1558 532 1672 tis5
585 1587 675 1646 ut
706 1560 935 1673 fiquis
973 1564 1201 1645 vellet
1229 1558 1516 1669 Judaeis
1555 1560 1983 1669 imposturae
2008 1564 2296 1657 crimen

392 1675 739 1788 objicere,
796 1672 958 1757 illic
991 1673 1074 1758 in
1115 1696 1463 1800 promptu
1498 1673 1861 1766 haberent
1893 1675 2331 1784 responfio-‘

394 1797 570 1872 nem
614 1808 966 1898 paratam.
1060 1790 1246 1871 Haec
1278 1816 1488 1868 enim
1528 1786 1731 1870 inter
1762 1787 1837 1869 se
1872 1787 2301 1896 argumenti
2432 1811 2438 1817 ·

390 1899 887 1985 fimilitudine
930 1922 1158 2011 atque
1211 1898 1572 1983 affinitate
1601 1901 2036 2003 cohaerent„
2081 1902 2302 1985 adeo-
2373 1970 2380 1978 .

282 2072 286 2076 »
393 2042 541 2127 que
574 2014 825 2122 aperte
881 2019 929 2095 a
973 2014 1021 2120 J
1023 2012 1302 2123 oseplio
1336 2011 1422 2096 in
1457 2007 1818 2095 Historiae
1852 2012 2004 2095 suae
2046 2042 2305 2100 narra-

393 2125 605 2210 tione
640 2154 796 2210 non
833 2128 987 2210 fine
1024 2126 1282 2209 studio·
1308 2129 1883 2216 connectuntur.
1968 2126 2061 2207 In
2096 2127 2305 2210 utro-

394 2267 549 2349 que
586 2239 778 2322 fasto
831 2239 1238 2346 impostura
1293 2237 1401 2319 est
1450 2235 1882 2336 hominum,
1936 2235 2308 2345 religione

386 2352 532 2454 sua
560 2349 893 2461 turpiter
928 2347 1432 2452 abutentium,
1483 2353 1570 2431 ἃ
1602 2346 2025 2458 utrobique
2044 2350 2307 2432 Satur-

398 2465 631 2550 ninus
664 2464 771 2546 est
794 2462 975 2547 'tum
1008 2462 1375 2563 Paulinae,
1444 2482 1614 2544 tum
1650 2459 1937 2544 Fulviae
1975 2460 2312 2558 maritus.

398 2580 669 2680 Quam
692 2574 1019 2690 'quidem
1058 2573 1206 2659 viri
1253 2573 1453 2659 dosti
1488 2571 1858 2658 rationem
1896 2601 2121 2657 nemo
2153 2604 2314 2658 non

399 2689 769 2798 probabit,
823 2689 959 2801 qui
1012 2668 1579 2789 obferxiaveritj
1609 2708 1893 2798 quanto
1939 2715 2113 2772 cum
2161 2688 2313 2770 stu-
2395 2716 2400 2721 ·
2514 2737 2526 2753 ι

324 2810 367 2865 ’-
405 2802 536 2885 dio
562 2804 608 2910 J
609 2802 935 2914 osephus
965 2799 1331 2910 sategerit,
1385 2829 1483 2883 ne
1518 2798 1732 2898 illam
1760 2797 2313 2910 defulvia'per

397 2913 703 3023 Judaeos
732 2918 1029 3024 decepta
1059 2914 1570 2997 narrationem
1600 2908 2108 3018 exordiretur,
2162 2911 2314 3020 pri·
2396 2944 2409 2955 ·

408 3029 729 3142 usquam
763 3028 959 3112 hanc
991 3030 1084 3117 de
1112 3026 1425 3112 Paulina
1460 3055 1592 3137 per
1620 3025 2026 3107 sacerdotes
2059 3025 2318 3108 Isiacos

402 3142 882 3252 constuprata
953 3141 1461 3252 praemitteret,
1517 3167 1599 3220 ea
1663 3138 1758 3220 de
1808 3136 2019 3221 causa
2084 3165 2319 3248 quam

408 3252 764 3362 Capellus
800 3255 1088 3338 attulit.
1159 3253 1304 3337 Sed
1341 3257 1426 3334 ὅ(
1466 3250 1623 3361 ipse
1644 3247 2097 3347 'narrationis
2117 3249 2320 3345 ‚ordo

411 3365 991 3469 satisostendit,
1050 3366 1220 3450 istas
1272 3362 1735 3447 narrationes
1786 3362 1859 3444 se
1897 3367 2170 3445 mutuo
2208 3389 2324 3444 re-

410 3476 711 3588 spicere.
761 3480 907 3575 Ex
944 3478 1222 3591 quibus
1254 3476 1509 3560 videre
1545 3475 1748 3576 licet,
1801 3472 2147 3559 Flavium
2185 3503 2324 3558 no·
2451 3517 2457 3535 ι
2507 3538 2516 3559 ,

411 3588 655 3676 strum
694 3587 780 3673 in
835 3591 1182 3677 omnibus
1221 3593 1509 3702 semper
1568 3587 1813 3700 gentis
1850 3587 2005 3682 suae
2041 3581 2324 3670 honori

292 3778 311 3794 «
414 3704 826 3808 consulere.
963 3721 966 3724 ’

880 3814 884 3823 ”
1902 3836 2030 3919 14.¹
2075 3810 2360 3899 Tran-'
2439 3882 2446 3887 ,
