2996 4800
1478 90 1488 135 l

1330 288 1383 421 (
1459 283 1651 384 208
1728 281 1780 423 )

509 528 515 537 ,
599 450 828 560 sepho
865 445 1115 530 nostro
1155 438 1601 526 intermedio
1637 430 1928 525 viventi
1968 460 2301 552 tempore
2336 464 2514 528 ean-·
2599 514 2604 521 .

591 564 771 647 dem
820 557 1168 669 placuisse
1223 554 1610 651 rationem¹⁹
1718 552 1866 635 Sed
1915 550 2113 659 fugit
2163 584 2338 639 eum
2392 586 2510 640 ra·-
2593 568 2598 571 ⁴

593 675 732 760 tio·
786 738 791 743 ·
835 670 1041 757 Nam
1092 667 1227 753 illa
1256 694 1360 750 ex
1401 664 1681 777 quibus
1712 664 1859 746 hoc
1897 664 2257 750 instruxit
2290 697 2511 778 argu-

578 806 967 884 mentum,
1018 779 1293 888 partim
1345 777 1654 890 quidem
1696 774 1949 878 dubia,
2001 778 2280 881 partim
2324 786 2510 864 vero

566 896 843 1001 etiam·
896 895 1080 979 falsa
1152 893 1350 977 sunt.
1491 888 1839 972 Primum
1912 890 2118 973 enim
2189 890 2512 975 dubium

597 1010 706 1095 est
742 999 1122 1121 quomodo
1176 1005 1265 1088 fit
1318 999 1861 1110 intelligendus
1899 1002 2313 1107 Matthaeus
2376 1001 2508 1093 ubi

596 1119 867 1225 dicit,⁴‘
882 1121 941 1225 ις
961 1112 1320 1214 &temp-{offa
1346 1118 1375 1182 ὅ
1399 1110 1610 1197 Mas&
1627 1099 1821 1196 gv&
1843 1111 1977 1214 ‘5992
2003 1115 2271 1192 lamala:
2292 1122 2503 1219 μέχρ]

596 1233 651 1304 '¹³
680 1230 956 1337 Cn'mffiv.
1051 1232 1393 1332 Qiidam
1424 1230 1628 1315 enim
1664 1226 2103 1338 intelligunt
2139 1251 2227 1313 ut
2284 1228 2532 1312 λόΓΘ·
2615 1288 2620 1293 ι

595 1333 783 1433 gv&
848 1349 937 1432 fit
987 1374 1071 1429 ea
1119 1345 1315 1427 fama
1367 1348 1690 1429 mendax
1729 1348 1823 1428 de
1879 1372 2180 1451 corpore
2214 1341 2501 1428 Christi

599 1488 731 1572 per
780 1458 1207 1565 Discipulos
1261 1454 1668 1543 substracto
1702 1490 1723 1541 ε
1808 1484 2033 1569 quam
2073 1455 2351 1539 famam
2388 1456 2501 1540 di-

598 1572 929 1687 vulgasse
989 1570 1392 1654 sacerdotes
1436 1570 1878 1676 Judaeorum
1934 1566 2160 1651 miffis
2208 1596 2341 1676 per
2384 1596 2505 1649 or·-

600 1686 768 1770 bern
816 1683 1256 1768 universum
1309 1682 1608 1765 nunciis
1660 1713 1758 1767 ex
1785 1682 2083 1790 Justino
2136 1677 2508 1763 discimus,

597 1798 763 1882 Alii
808 1800 992 1879 vero
1047 1796 1143 1880 fic
1200 1792 1686 1903 intelligunt,
1764 1796 1959 1879 hanc
2013 1793 2504 1880 Sacerdotum
2642 1883 2646 1887 ,

595 1907 935 1993 fraudem
991 1905 1388 2017 hucusque
1422 1934 1581 1989 non
1616 1908 1935 2008 latuiffiz
1987 1906 2115 1989 sed
2169 1904 2503 2013 sparsum

593 2018 808 2104 fuisse
841 2016 934 2100 de
967 2015 1233 2103 fraude
1267 2045 1669 2101 rumorem.
1780 2020 1929 2104 Uti
1962 2023 2147 2105 vero
2183 2015 2503 2101 Grotius

594 2130 920 2242 priorem
946 2127 1520 2237 explicationem
1547 2130 1902 2240 praefertg
1980 2131 2085 2213 ita
2123 2131 2293 2213 sane
2320 2158 2504 2212 neu-

593 2243 887 2357 tiquam
911 2241 1390 2352 posteriorem
1417 2242 1807 2351 improbat.
1880 2247 2349 2356 Quanquam.
2373 2269 2505 2326 au·-

597 2379 751 2441 tem
802 2351 1229 2443 Sacerdotes
1277 2355 1595 2439 nuncios
1636 2354 2021 2466 miserintx,
2061 2353 2347 2467 ecquid
2380 2353 2507 2440 ab-

593 2470 909 2555 surdum
963 2470 1108 2553 hoc
1150 2467 1620 2552 mendacium
1656 2467 1738 2552 in
1772 2470 2161 2580 publicum
2198 2469 2506 2553 tandem

594 2580 979 2683 emanaffe,
1026 2601 1255 2692 atque
1308 2580 1557 2666 statim
1613 2603 1702 2663 ut
1758 2581 2231 2664 mendacium
2287 2578 2506 2662 fuiffe
2598 2593 2605 2599 ’

593 2714 1079 2801 compertum.
1186 2690 1394 2775 Hinc
1431 2695 1706 2780 fadum
1732 2697 1862 2795 est,
1920 2718 2010 2778 ut
2036 2691 2349 2802 plurimi
2367 2694 2504 2798 Ju-

595 2807 933 2889 daeorum
986 2802 1292 2886 initium
1352 2805 1551 2889 nacti
1603 2806 2107 2890 conversionis
2162 2806 2243 2887 in
2278 2802 2531 2888 Chri--

593 2918 787 3002 stum
862 2916 1250 2999 crederent
1288 2982 1313 3018 ,
1404 2944 1634 3029 atque
1701 2920 2190 3003 Sacerdotum
2260 2915 2511 3016 multi.

502 3055 503 3064 ¹
594 3026 833 3129 Quod
875 3026 1143 3140 utique
1173 3057 1438 3113 verum
1493 3031 1634 3113 effe
1686 3032 1995 3114 testatur
2027 3037 2087 3136 ψ
2122 3031 2369 3113 Lucas
2421 3028 2507 3112 in

592 3139 806 3224 Actis
855 3139 1322 3249 Apostolicis.
1444 3143 1650 3226 Nam
1718 3142 2046 3228 Pilatum
2103 3141 2261 3223 doli
2327 3167 2507 3224 con-

593 3251 831 3336 scium
867 3252 1172 3336 tandem
1227 3251 1447 3335 fuiffe
1487 3256 1772 3339 constat
1814 3284 1913 3362 ex
1948 3252 2440 3339 Tertulliano
2476 3292 2509 3362 3

591 3364 770 3448 curn
805 3365 896 3447 fit
931 3364 1335 3447 admodum
1371 3365 1774 3451 verifitnile
1814 3366 2222 3452 Tiberium
2265 3364 2508 3448 Caesa·

591 3503 752 3562 rem
786 3473 866 3559 id
900 3505 998 3559 ex
1035 3474 1192 3585 ipso
1234 3499 1374 3562 nec
1427 3479 1578 3564 alio
1626 3480 2207 3590 cognoviffe,&
2247 3478 2508 3563 adver-

896 3728 932 3768 ’¹’
959 3729 1093 3805 Cap.
1115 3727 1311 3789 xxviii.
1341 3745 1427 3801 ις.
1594 3683 1610 3692 -
1675 3725 1717 3805 †
1747 3732 1865 3790 Act.
1889 3737 1995 3805 Ap.
2030 3730 2107 3809 ri.
2136 3750 2189 3802 7.
2328 3806 2374 3891 s
2451 3802 2499 3821 μ

2364 3829 2509 3891 arll
