2996 4800
1436 309 1502 441 (-
1560 341 1680 437 42
1755 304 1807 440 )
1973 424 1979 431 ,
2537 399 2545 407 .

652 459 848 546 dicae
899 458 1054 543 hoc
1101 450 1669 550 Testimonium
1722 455 1818 537 de
1872 449 2183 536 Christo
2237 451 2461 539 aliter
2497 481 2581 538 ac
2665 525 2670 529 .

652 598 864 659 nunc
898 566 1176 681 legiffe,
1225 569 1308 648 &
1348 566 1603 651 minus
1628 564 1936 672 Christo
1971 563 2442 677 honorifice3
2492 589 2585 651 ut

652 681 909 796 potius
942 683 998 767 fi
1041 678 1266 764 verba
1301 679 1395 762 de
1418 676 1737 769 Christo
1793 674 1877 761 in
1910 675 2194 759 Codice
2227 676 2620 789 Origenis·

659 783 992 913 ejusdem
1026 791 1297 878 farinae
1328 812 1558 903 atque
1587 788 1864 882 coloris
1892 786 2188 873 fuerint
2225 816 2402 874 cum
2438 790 2594 879 illis

655 936 809 1022 que
847 908 945 990 de
970 905 1321 1015 Johanne
1364 900 1793 1014 Jacobo‘que
1843 898 2332 1011 referuntuf3
2417 922 2590 989 tum

657 1019 972 1125 quidem
1010 1015 1290 1103 necesse
1326 1016 1432 1099 est
1459 1036 1550 1098 ut
1578 1013 1755 1099 inde
1791 1012 1960 1139 quis
1990 1015 2157 1122 jure
2184 1014 2587 1126 concludat

533 1229 539 1236 ‚
657 1123 1019 1242 Origenis
1052 1126 1407 1213 Codicem
1449 1128 1598 1211 hoc
1635 1124 2198 1216 Testimonium
2235 1127 2333 1214 fic
2365 1147 2590 1222 extu-

628 1243 849 1349 ‚liffe‚
885 1264 973 1326 ut
1010 1262 1114 1326 ne·
1143 1239 1402 1324 minus
1434 1240 1637 1324 acin
1671 1237 1955 1322 caeteris
1988 1235 2221 1320 fiierit
2248 1238 2598 1363 Evange·“

663 1354 779 1453 lio
819 1380 1262 1464 congruum.
1366 1351 1593 1436 'Adeo
1636 1372 1727 1433 ut
1779 1379 1918 1461 ego
1970 1349 2279 1462 quidem
2331 1372 2589 1460 ponus

660 1465 1131 1553 contrarium
1165 1471 1429 1547 eorum
1468 1467 1639 1574 quae
1677 1462 1797 1549 illi
1829 1491 1984 1573 prae
2008 1463 2083 1546 se
2117 1461 2404 1565 ferunt,
2450 1462 2600 1546 eli-·

657 1579 872 1662 ciam.
982 1579 1188 1679 Quae
1238 1575 1412 1658 cur'n
1450 1574 1555 1658 ita
1606 1575 1798 1678 sint,
1886 1574 1983 1656 de
2020 1573 2204 1658 locis
2233 1573 2593 1682 Origenis

660 1682 759 1776 sse
820 1718 986 1773 mea
1048 1688 1196 1771 fert
1255 1685 1596 1794 Opinio3
1675 1685 2093 1795 Origenem
2152 1698 2311 1771 non
2372 1685 2589 1772 fuiffe

661 1802 978 1918 quidem
1008 1799 1366 1910 ignarum
1384 1794 1844 1882 Testimonii
1871 1796 2241 1901 Flaviani,
2264 1820 2356 1882 ut
2385 1818 2611 1882 nunc³

662 1912 992 2022 legitur5
1063 1937 1308 2022 neque
1359 1908 1578 1993 aliter
1633 1938 1718 1993 ac
1770 1940 1910 1994 nos
1962 1909 2043 1993 id
2101 1908 2592 1995 intellexisse:

514 2110 523 2123 f
574 2121 579 2131 ,
663 2025 791 2108 sed
855 2050 1030 2106 cum
1109 2022 1400 2104 videret
1469 2021 1881 2130 Josephum
1943 2021 2448 2109 narrationem
2499 2023 2596 2105 de

662 2134 954 2220 Christi
994 2162 1175 2218 nece
1209 2135 1306 2219 fic
1330 2134 1480 2216 ‘esse
1524 2133 1605 2216 in
1635 2135 1789 2218 hoc
1823 2133 2303 2219 Testimonio
2341 2136 2604 2219 conse-‘

665 2270 957 2351 cutum,
1013 2247 1215 2363 quasi
1250 2249 1412 2358 ejus
1446 2245 1677 2331 Paffio
1715 2245 1917 2330 nihil
1951 2248 2048 2331 ad
2083 2247 2359 2332 Gentis
2391 2248 2592 2333 exci-

666 2360 880 2445 dium
918 2381 1049 2445 aut
1105 2359 1424 2444 dedecus
1474 2357 1912 2468 pertineret,
1959 2368 2180 2443 'cum'
2208 2382 2461 2445 tamen
2496 2360 2591 2445 ad

632 2565 635 2566 ⁷
666 2472 880 2557 illam
908 2472 1164 2580 Jacobi
1195 2494 1644 2582 perventum
1674 2471 1877 2574 esset,
1931 2472 2434 2581 non'potuiffe
2460 2474 2596 2579 Jo-

665 2586 983 2692 sephum
1023 2585 1208 2670 adeo
1241 2595 1511 2685 tacere,
1548 2582 1739 2695 quin
1766 2583 2047 2668 fastum
2078 2585 2276 2690 illud
2303 2586 2593 2672 Primo-

666 2695 882 2784 ribus
949 2694 1223 2779 Gentis
1304 2695 1494 2806 Regi
1550 2725 1647 2779 ue
1725 2694 2170 2812 displicuiii'e
2226 2697 2595 2782 fateatur}

668 2807 856 2894 hinc
890 2808 1100 2891 ultra
1134 2808 1451 2890 tendens
1483 2725 1858 2919 grigenes
1897 2810 2133 2892 credit
2178 2808 2593 2921 josephum

666 2920 765 3003 de
790 2920 1028 3031 hujus
1058 2949 1236 3005 nece
1266 2941 1633 3032 tanquam
1660 2918 1940 3014 excidii
1968 2922 2186 3006 causa
2213 2924 2598 3032 perorfitffe.

669 3033 932 3144 Atque
966 3033 1091 3115 fies
1112 3031 1284 3117 satis
1323 3052 1792 3141 compertum
1830 3033 1962 3135 est,
2015 3033 2218 3118 nihil
2265 3035 2598 3117 adversa-

671 3143 805 3227 riis
862 3144 1190 3253 prodeffe
1225 3141 1598 3254 Origenid
1636 3142 2207 3258 austoritatemg
2281 3145 2412 3229 sed
2445 3148 2600 3230 Te÷
2682 3158 2686 3163 “

674 3254 1121 3340 stimonium
1156 3255 1251 3339 ab
1302 3266 1582 3339 eorum
1620 3255 2164 3367 objeffion'ibus
2197 3256 2376 3341 inde
2407 3258 2621 3367 peti-,

678 3366 778 3452 tis
818 3368 958 3449 effe
991 3366 1418 3452 liberatum.
1468 3370 1793 3471 Verum,
1847 3387 1938 3453 ut
1975 3369 2307 3483 ingenue
2341 3370 2601 3472 fatear,

679 3475 1059 3587 Origenes·
1086 3492 1206 3563 ex·
1241 3479 1399 3563 sola
1431 3482 1793 3566 memoria
1820 3481 2013 3566 mihi
2037 3477 2347 3594 Josephi
2374 3483 2603 3570 verba

575 3691 582 3699 ι
674 3609 807 3673 aut
846 3590 1244 3676 sententias
1283 3592 1531 3695 citfflse
1565 3594 1889 3678 videtur.
1938 3633 1970 3643 ·>
2091 3631 2098 3640 ¹
2270 3633 2282 3649 ··
2513 3642 2518 3648 ·
2585 3621 2594 3640 ³

2241 3848 2366 3930 33.
2420 3819 2602 3905 Ori-
