2996 4800
993 316 1046 453 (
1131 350 1163 411 1
1189 311 1316 440 89
1388 312 1441 451 )

262 453 334 544 ri
367 446 762 565 curaverit,
814 461 907 547 ab
945 461 1104 570 ipso
1138 461 1279 588 qui
1300 460 1674 548 curaverit
1705 461 1982 552 fastum
2015 468 2187 555 effe.

262 572 859 679 pronuncietur?
911 576 1058 660 Sed
1073 575 1258 687 quid
1273 573 1521 658 verbis
1534 585 1723 688 opus
1738 580 1891 663 est?
1941 582 2159 684 Qua-

258 684 313 767 fi
339 684 709 795 Josephus
741 716 897 770 non
931 689 1018 772 fit
1056 686 1590 797 intelligendus
1618 713 1837 797 prout
1860 690 2161 802 ipsesu-

255 823 380 879 am
411 818 744 882 mentem
761 798 1030 907 aperit,
1084 824 1351 908 nempe
1384 799 1583 883 inter
1607 802 1989 889 sectatores
2020 805 2161 921 qui

255 905 571 993 Christo
635 910 904 1019 partim
960 938 1056 994 ex
1099 909 1420 1017 Judaeis‚
1493 911 1766 1021 partim
1810 946 1998 1000 vero
2058 947 2160 1004 ex

254 1018 608 1105 Ethnicis
633 1052 909 1106 nomen
943 1022 1315 1125 dederint,
1367 1024 1702 1138 quosque
1726 1028 2039 1136 proinde
2066 1032 2164 1116 il-

257 1131 509 1216 lefibi
562 1134 978 1247 adjunxisse
1033 1135 1344 1235 dicitur,
1392 1139 1744 1222 concludi
1778 1169 1966 1252 quos
2010 1141 2165 1252 ipse

241 1243 616 1354 Josephus
669 1277 852 1330 mox
904 1246 1148 1331 afferit
1201 1246 1299 1329 ad
1335 1268 1627 1332 aetatem
1682 1251 1920 1364 usque
1957 1253 2170 1341 suam

254 1356 659 1469 pertigisse.
769 1361 1030 1459 Quam
1069 1357 1421 1470 iniquum
1458 1365 1640 1445 vero
1674 1362 1759 1445 in
1796 1385 1950 1446 tam
1987 1396 2171 1473 pau-
2253 1370 2258 1387 ‘

252 1468 362 1553 cis
413 1469 671 1572 lineiS,
719 1471 994 1581 quibus
1046 1471 1193 1554 hoc
1229 1471 1792 1572 Testimonium
1840 1478 2166 1579 constat,
2225 1516 2232 1521 ·

256 1603 557 1665 tantam
628 1586 1006 1691 expectare
1067 1582 1151 1666 in
1211 1581 1332 1683 his
1390 1581 1612 1669 rebus
1663 1583 1758 1668 ab
1812 1584 2171 1672 historico

256 1692 623 1803 scriptore
681 1693 1174 1779 subtilitatem
1221 1699 1309 1777 δί
1360 1699 1801 1798 οἰκεὶξειοιιὶὶ
1888 1700 2006 1784 Ut
2040 1729 2168 1784 ve-

256 1835 348 1890 ro
385 1805 618 1891 etiam
656 1806 982 1917 amplius
1010 1828 1251 1915 pateat
1275 1806 1725 1890 adversarios
1749 1810 2038 1913 nostros
2055 1812 2167 1897 sa-

256 1918 361 2004 tis
395 1919 919 2029 inclementer,
956 1948 1053 2001 ne
1077 1918 1318 2002 dicam
1345 1919 1574 2003 nimis
1606 1920 1979 2023 atrociter,
2027 1952 2168 2007 no-

258 2031 556 2117 biscum
594 2060 837 2142 agere,
887 2037 975 2116 δί
1027 2030 1282 2115 omnia
1315 2030 1644 2139 arripere
1677 2032 1901 2131 etiam
1937 2034 2169 2123 falfis-

260 2147 468 2248 fima,
521 2173 687 2254 quae
722 2144 817 2228 ad
855 2172 1012 2225 rem
1050 2144 1258 2227 suam
1295 2145 1415 2228 vel
1455 2146 1694 2226 facere
1729 2146 1850 2228 vel
1885 2144 2167 2233 solum-

260 2260 499 2342 modo
536 2260 871 2368 ·spectare
903 2255 1305 2340 videantur
1340 2285 1362 2339 ε
1453 2284 1702 2369 neque
1757 2278 2007 2341 tamen
2043 2261 2168 2344 vel

263 2400 513 2457 unum
541 2370 924 2454 succedere
937 2367 1104 2479 ipfis
1128 2366 1494 2476 feliciter3
1548 2395 1897 2478 negamus
1912 2400 2166 2464 veram

262 2487 411 2569 effe
446 2482 938 2595 objectionem
966 2521 1010 2591 5*
1051 2481 1372 2594 ideoque
1405 2510 1671 2563 verum
1709 2480 1849 2563 effe
1885 2485 2168 2579 multos

266 2628 364 2685 ex
395 2595 765 2699 EthniciS,
818 2594 1122 2678 Christo
1163 2593 1506 2677 nondum
1533 2593 1751 2703 paff0‚
1803 2594 1887 2678 in
1924 2595 2167 2705 ipsum

266 2708 650 2795 credidiffe
686 2708 1086 2792 afferimus·

380 2824 591 2908 Nam
648 2819 734 2902 in
773 2849 926 2933 quo
965 2847 1280 2903 numero
1328 2847 1693 2928 ponemus
1747 2849 1869 2905 eos
1906 2821 2176 2933 Magos

271 2935 410 3049 qui
428 2965 521 3018 ex
536 2933 827 3016 o'riente
842 2932 1230 3017 Christum
1248 2961 1567 3043 puerum
1594 2932 1974 3018 adoraturi
1997 2963 2177 3020 con-

270 3049 682 3131 venerant?
715 3046 994 3129 Illosne
1010 3047 1204 3129 solos
1221 3045 1355 3157 qui
1371 3043 1823 3129 crediderint
1840 3077 1931 3129 ex
1953 3072 2172 3156 gente
2265 3075 2268 3082 “

276 3159 405 3243 sua
430 3158 903 3269 putabimus?
955 3155 1216 3241 siccine
1229 3158 1426 3240 viros
1454 3155 1797 3240 omnium
1826 3159 2168 3268 gentium

277 3269 833 3378 sapientissimos
871 3287 1027 3353 non
1064 3269 1248 3353 alios
1283 3297 1587 3380 quoque
1625 3273 2011 3377 populares
2047 3269 2173 3354 ad-

276 3381 593 3484 duxistk,
621 3385 899 3467 nedum
923 3405 1007 3465 ut
1036 3383 1419 3463 crederent
1437 3379 1793 3464 voluifl'e?
1843 3387 1972 3467 An
1999 3412 2198 3468 cum

276 3495 695 3578 Eunuchus
733 3495 1105 3578 Candaces
1167 3493 1467 3604 Reginae
1526 3494 1725 3577 solus
1778 3495 2174 3597 suffecerit,

276 3630 369 3690 ut
410 3606 845 3716 religionem
897 3606 1402 3691 Christianam
1436 3604 1897 3715 AEthiopiam
1937 3608 2176 3718 usque

274 3718 813 3806 transmitteret
831 3720 923 3805 ad
938 3720 1131 3805 hanc
1159 3718 1963 3829 aetatem¹duraturam5
2018 3748 2176 3846 non

1958 3856 2176 3917 etlam
