2996 4800
1060 341 1069 352 ¹
1190 309 1242 444 (
1329 342 1360 402 ι
1401 341 1430 402 1
1468 338 1504 426 ι
1588 300 1642 442 )

306 537 307 546 Ν
443 462 655 551 hanc
691 481 1199 574 extorqueant
1231 460 1684 572 periocham,
1755 464 2000 552 multa
2046 465 2359 555 commi-

442 570 855 660 niscuntur
889 573 1113 657 etiam
1143 573 1603 658 extrinsecus
1632 574 2013 685 producta,
2064 603 2233 692 quae
2270 602 2357 666 ut

443 687 551 772 ab
591 681 748 772 illis
786 685 1012 797 gratis
1041 708 1266 811 atque
1288 685 1568 769 ‘leviter
1601 686 1777 772 sunt
1816 690 2198 801 affumpta,
2248 692 2359 778 fa·

434 800 608 884 cile
653 802 959 912 quoque
1012 820 1098 881 ut
1133 821 1414 882 mcerta
1468 796 1975 886 refelluntur.-
2058 804 2122 887 F
2122 804 2362 890 unda*

444 935 806 1020 mentum
843 938 1024 993 vero
1078 908 1410 1020 incoepti,
1463 910 1558 1001 ad
1611 913 1821 1025 quod
1856 935 2217 1027 tanquam
2264 915 2364 1000 ad

437 1022 738 1117 sacram
773 1022 1173 1106 anchoram
1211 1021 1481 1133 nuperi
1520 1023 1855 1107 censores
1901 1025 2361 1112 Testimonii

451 1132 942 1245 confugiunt,
974 1165 979 1178 ³
1012 1133 1496 1244 praecipuum
1524 1134 1635 1218 est
1684 1136 1923 1246 stylus
1976 1137 2361 1224 difflonis:

453 1277 693 1359 quem
728 1268 818 1330 ut
848 1276 894 1328 a
930 1245 1262 1355 partibus
1294 1244 1445 1328 suis
1479 1244 1667 1328 stare
1706 1269 1995 1356 putant,
2062 1250 2167 1335 ita
2197 1288 2366 1354 neef-

431 1357 676 1460 Ἦωον
716 1356 798 1438 in
831 1356 952 1439 his
988 1355 1209 1438 rebus
1237 1354 1377 1439 esse
1413 1354 1888 1443 certiffimum
1913 1357 2364 1447 existimant.

460 1467 781 1550 Lubens
815 1468 1026 1570 hunc
1075 1463 1398 1575 judicem
1431 1465 1738 1575 accipio,
1803 1473 1889 1553 ea
1921 1468 2225 1554 vicisfim
2261 1469 2374 1554 le'·

467 1608 590 1689 ge,
645 1599 743 1661 ut.
772 1580 826 1663 fi
879 1582 926 1661 a
974 1576 1271 1660 nostrie.
1304 1577 1443 1660 stet
1502 1577 1860 1687 partibu3,
1909 1601 2079 1666 tum
2131 1578 2369 1690 proti·

470 1689 621 1773 niis
661 1695 745 1773 δί’
781 1690 928 1772 hoc
964 1687 1525 1784 Testimonium
1573 1688 1737 1773 fere
1784 1690 2122 1776 amiffum
2161 1694 2374 1774 recu·-

470 1824 821 1911 peretur3
898 1806 981 1883 &
1023 1802 1115 1883 ad
1167 1800 1509 1909 pristinas
1547 1799 1775 1902 sedes,
1826 1828 2009 1913 quas
2044 1802 2116 1886 ei
2161 1800 2370 1908 Jose-

473 1912 671 2024 phsus
721 1911 805 1996 in
859 1910 1384 2021 Archaeologia
1432 1912 1950 2016 destinaverat,
2001 1913 2086 1995 in
2143 1941 2373 2012 omne

376 2049 385 2064 ·
475 2049 720 2109 aevum
758 2024 911 2110 fine
945 2024 1110 2107 ulla
1160 2022 1627 2108 dubitatione
1666 2025 2100 2110 retineatur.
2205 2026 2373 2110 Pri-'-

471 2136 690 2243 mum
740 2141 1003 2221 autem
1053 2134 1198 2223 erit
1258 2164 1503 2245 operae
1565 2137 1891 2245 pretinm
1948 2130 2372 2251 exquirere}

474 2248 862 2356 quomodo
927 2248 1055 2330 hic
1115 2247 1192 2329 se
1256 2246 1684 2356 expediant,
1748 2269 1832 2331 ut
2004 2249 2168 2332 lum
2230 2249 2371 2330 effe
2447 2331 2450 2334 ,

476 2359 854 2486 spurium‚·
895 2386 977 2442 ac
1026 2358 1340 2468 proinde
1372 2381 1612 2442 totam
1651 2359 1808 2469 ῥ’ἤσιν
1858 2387 1900 2441 e
1959 2387 1999 2465 e
2050 2357 2410 2470 suppofi-‘

480 2472 727 2578 utiam
763 2470 1270 2580 comprobent.
1374 2466 1673 2552 Primus
1720 2493 1848 2553 aut
1880 2470 2142 2555 saltem
2186 2501 2371 2582 prae:

478 2580 748 2694 cipuus
800 2576 1282 2681 adversarius,
1336 2580 1469 2692 qui
1526 2581 1617 2662 de
1673 2582 1870 2691 stylo
1918 2581 2375 2667 Testimonii

479 2693 790 2805 hujusce
831 2694 925 2777 fic
960 2694 1340 2803 judicavit,
1407 2721 1783 2805 quemque
1838 2695 1987 2778 fine
2037 2696 2206 2781 ullo
2246 2696 2375 2778 exl-

483 2805 730 2890 amine
761 2805 1013 2900 caeteri
1039 2806 1291 2913 postea
1324 2804 1498 2888 sunt
1534 2805 1789 2908 secuti,
1839 2807 1900 2889 is
1935 2807 2042 2889 est
2081 2806 2376 2920 Tanaq.

486 2917 747 3019 Faber,
804 2917 939 3029 qui
963 2917 1165 2999 edito
1194 2918 1413 3028 super
1443 2921 1584 3003 hac
1618 2946 1697 2999 re
1731 2918 2022 3019 libello,
2053 2918 2379 3008 omnem

488 3029 813 3140 lapidem
879 3026 1228 3113 adversus
1285 3032 1432 3111 hoc
1491 3028 2371 3139 Testimonium-movitr,

486 3142 580 3224 de
616 3142 816 3251 stylo
852 3170 1033 3224 vero
1085 3141 1180 3224 fic
1212 3141 1541 3230 decernit
1596 3141 1849 3250 potius
1900 3171 2124 3252 quam
2163 3142 2382 3252 argu-2

488 3276 888 3337 mentatur.
951 3253 1177 3366 stylus
1211 3251 1412 3354 verb,
1463 3252 1737 3367 inquit,
1790 3253 2065 3366 *stylus
2097 3253 2383 3360 certifflss

485 3395 669 3444 mum
700 3370 776 3444 in
803 3365 906 3446 his
942 3365 1147 3445 rebus·
1183 3367 1541 3466 κθῖἵῆφιον,
1563 3368 1794 3475 'quam
1819 3364 2089 3478 aperte,
2098 3364 2177 3469 st
2203 3363 2389 3448 nihil

488 3475 702 3587 <iliud
720 3468 849 3586 άιῇ
854 3482 1114 3558 umenti
1140 3475 1571 3575 haberemm,
1596 3506 1742 3557 rem
1770 3482 1983 3591 ipsam
1995 3477 2383 3597 Rroderec!

498 3632 505 3637 ·
2103 3587 2386 3673 Nemini

1509 3767 1718 3786 ,ἡ

946 3855 979 3895 '¹'
997 3856 1131 3914 Tan.
1152 3852 1334 3915 Faber.
1361 3852 1475 3914 Lib.
1495 3857 1541 3912 Ι.
1567 3853 1733 3931 Epist.
1757 3857 1943 3914 XLIV.
