2996 4800
660 492 790 617 36.
826 486 974 575 Sed
1001 514 1245 600 neque
1264 486 1508 570 adhuc
1532 467 2039 597 relinquimus
2062 485 2474 598 Photium5

545 630 739 727 qum
774 599 1013 711 priua
1060 599 1271 714 quod
1306 597 1524 681 nobis
1569 596 1943 711 objiciunt
1977 629 2075 683 ex
2117 628 2212 682 eo
2252 600 2472 684 filen-

542 736 771 815 tium,
821 713 903 798 in
942 710 1133 822 ipsos
1164 709 1616 794 adversarios
1651 733 2243 824 retorqueamus,
2293 712 2473 795 Ete-

543 826 709 915 nim
749 826 807 913 fi
839 854 1099 910 verum
1151 824 1260 906 est
1315 821 1525 935 quod
1577 812 1709 932 ipfi
1761 824 2051 926 dicunt,
2104 821 2464 907 Photium

542 937 843 1023 filentio
871 937 1008 1022 suo
1036 934 1599 1022 Testimonium
1627 934 2105 1039 damnaviffi,
2140 935 2222 1018 id
2261 936 2466 1020 enim
2510 954 2516 958 ’

542 1051 945 1137 subnotare
975 1046 1378 1159 neglexisse
1413 1077 1497 1135 ea
1549 1048 1645 1131 de
1680 1049 1926 1150 causa,
1979 1045 2187 1162 quod
2224 1048 2468 1158 spuri-

541 1191 678 1247 um
713 1162 854 1246 effe
884 1184 1055 1245 tum
1094 1160 1470 1271 crederet3
1539 1189 1680 1246 cur
1714 1189 1880 1244 non
1907 1189 2090 1270 ergo
2127 1159 2469 1265 Photi-u3‚
2521 1262 2528 1273 ‚

542 1275 729 1361 dum
765 1295 882 1359 tot
917 1272 1103 1359 alios
1135 1274 1572 1383 perlegeret,
1623 1271 1763 1385 qui
1799 1270 2466 1387 ici-Testimonium

538 1413 681 1494 pro
710 1415 889 1469 vero
920 1385 1430 1495 agnoscerent,
1468 1384 1860 1469 confina-t?
1911 1383 2249 1495 Dignum
2285 1385 2465 1469 san&

538 1495 693 1585 fuit
746 1495 1039 1582 isthanc
1092 1497 1576 1608 imposturam
1626 1496 1765 1583 sua
1816 1496 2152 1600 censura,
2203 1498 2254 1581 fi
2295 1498 2464 1625 qui-

538 1608 714 1695 dem
747 1638 912 1693 eam
958 1610 1101 1692 effe
1135 1609 1622 1719 imposturam
1655 1608 1998 1714 credidit,
2050 1612 2464 1718 perculrffe.

535 1722 649 1809 Ar
700 1726 886 1807 verb
934 1721 1113 1805 cum
1173 1721 1320 1805 hoc
1355 1720 1633 1806 nullibi
1688 1720 1949 1805 fecerit
1967 1785 1998 1830 a
2063 1721 2245 1805 hine
2299 1723 2461 1832 pari

534 1834 733 1941 jure,
784 1860 870 1915 ac
916 1833 1271 1942 equidem
1311 1833 1602 1939 potiore
1657 1833 2224 1937 concludamu5‚
2279 1864 2459 1920 eum

533 1968 846 2055 quoque
895 1969 1053 2024 non
1089 1941 1344 2026 minus
1394 1943 1841 2028 Flavianum
1893 1944 2459 2032 Testimonium

470 2141 487 2153 ,
532 2052 1051 2162 cornprobaffe.
1159 2054 1363 2163 Ergo
1414 2056 1495 2137 in
1547 2055 1920 2164 posterum
1954 2055 2088 2140 fibi
2125 2080 2460 2162 caveant,

532 2195 634 2293 ne
665 2164 1102 2251 damnosum
1136 2165 1335 2251 istud
1372 2167 1786 2272 filentium,
1833 2166 2052 2252 nobis
2088 2199 2269 2255 vero
2305 2171 2462 2256 uti-
2624 2163 2631 2170 ’

530 2277 893 2368 hffimum
925 2277 1358 2390 objecerint.
2424 2358 2430 2363 ,

651 2421 777 2504 37.
831 2392 957 2479 Ad
990 2394 1312 2478 alterum
1349 2390 1941 2479 adversariorum
1979 2422 2216 2508 genus
2249 2396 2457 2509 quod

528 2508 616 2590 &
653 2506 737 2591 in
771 2507 908 2590 ista
946 2507 1501 2592 recensendum
1536 2505 1908 2591 Oratione
1939 2508 2455 2618 pervenimus.

528 2615 643 2702 Hi
677 2638 932 2718 autem
964 2616 1144 2700 sunt
1188 2616 1456 2724 Judaei.
1563 2621 1824 2705 Nemo
1857 2643 2109 2706 autem
2145 2621 2450 2733 negabit

530 2727 726 2840 quin
759 2755 1026 2812 eorum
1060 2727 1377 2832 interfit,
1433 2760 1534 2814 ne
1559 2732 2125 2821 Testimonium
2158 2734 2453 2820 Flavia·-

526 2868 721 2926 num
785 2838 1249 2926 admittatur.
1352 2844 1846 2954 Qapropter
1916 2845 2122 2930 haud
2162 2846 2450 2932 mirum

454 3001 467 3004 -
524 2952 727 3054 estO,⁴
757 2953 812 3038 fi
847 2981 1006 3037 uno
1062 2982 1195 3037 ore
1243 2982 1503 3038 omnes
1546 2956 1694 3038 hoc
1730 2958 2296 3044 Testimonium
2337 2991 2456 3045 re·-

523 3063 820 3172 spuant.
873 3065 997 3148 De
1029 3065 1389 3149 omnibus
1434 3067 1785 3150 differere
1824 3098 2075 3183 neque
2128 3072 2447 3180 polium,

521 3203 771 3288 neque
803 3176 1087 3261 statuiae
1162 3179 1471 3284 Fatetur
1503 3181 1874 3265 Menaffes
1907 3183 2065 3267 Ben
2102 3184 2322 3268 Israel
2360 3182 2442 3267 in

520 3286 810 3373 Literis
835 3288 929 3374 ad
966 3291 1402 3375 Arnoldum
1440 3292 1658 3396 datis,
1711 3295 1858 3376 hoc
1883 3293 2446 3381 Testimonium

518 3401 665 3483 effe
698 3408 922 3514 Apocr
949 3404 1173 3518 phum
1223 3404 1604 3516 (fic'enim
1656 3405 1873 3520 loqui
1914 3413 2210 3521 ama-nt)
2242 3437 2448 3495 com-

518 3540 827 3596 munem
905 3515 1299 3600 udaeorum
1329 3514 1548 3601 fuiffe
1579 3518 2047 3605 sententiam.
2140 3525 2447 3625 QJam·

516 3624 773 3707 obrem
813 3626 965 3709 duo
1022 3627 1328 3712 tantum
1381 3629 1509 3713 hic
1570 3631 1932 3735 monebO,
2012 3635 2257 3748 deque
2289 3635 2445 3717 ill-is

513 3735 795 3840 solum,
845 3767 1018 3852 quae
1079 3740 1176 3824 ad
1239 3769 1401 3826 rem
1458 3742 1674 3829 istam
1708 3743 2055 3836 maxime·
2066 3745 2443 3858 pertinere

2213 3859 2220 3867 ’
2275 3853 2446 3942 visa„
