2996 4800
1410 273 1481 400 ’ζ
1569 303 1602 365 1
1636 304 1754 401 14
1823 267 1875 404 )
2505 379 2511 382 .

677 424 766 511 fit
795 423 923 510 vel
946 442 1198 525 tenue,
1221 421 1344 504 vel
1374 420 1769 522 mediocre,
1795 419 1920 502 vel
1957 418 2139 504 uber
2162 421 2247 506 ὅ(
2283 420 2579 533 magni-

672 538 929 639 ficum,
1036 562 1153 618 uae
1188 534 1362 616 sunt
1395 533 1538 616 tria
1566 532 1860 616 dicendi
1899 561 2165 641 genera
2201 534 2293 618 ab
2326 541 2581 620 aneio-

671 649 880 733 ribus
930 677 985 731 u
1019 645 1274 757 urpari
1328 643 1592 754 solita3
1668 645 1801 750 etfi
1862 674 2170 759 quoque
2217 647 2439 731 verba
2486 653 2577 733 &

670 760 975 874 phrases
1039 759 1379 872 quaedam
1430 758 1572 840 fint
1627 751 1950 866 propriae
1998 757 2271 872 cuique
2326 758 2576 867 generi

669 870 1111 983 deligendae,
1166 870 1432 952 nullus
1466 890 1718 952 tamen
1771 869 1916 952 erit
1969 870 2213 979 stylus
2263 870 2578 953 manifess

671 984 853 1089 stus,
904 982 1044 1067 nisi
1084 981 1374 1064 easdem
1430 980 1723 1089 phrases
1760 986 1843 1065 ὅ(
1892 981 2121 1064 verba
2153 1002 2378 1096 atque
2409 1011 2576 1066 ver-

669 1094 946 1180 borum
975 1094 1500 1206 phrafiumque
1525 1090 2002 1176 formationes
2027 1093 2289 1202 saepius
2317 1119 2575 1179 occur·-

664 1230 911 1291 rentes
949 1204 1422 1316 reperiamus·
1531 1204 1770 1287 Nunc
1816 1217 2002 1288 vero
2028 1204 2278 1297 isthaec
2313 1206 2569 1290 omnia

660 1319 1031 1428 Josephus
1068 1346 1221 1431 qua
1253 1321 1514 1399 tradet
1547 1337 1706 1398 arte
1732 1314 2127 1399 videamus.
2208 1320 2276 1402 Is
2312 1339 2567 1402 autem

656 1431 1031 1541 josephus
1064 1429 1169 1511 est
1207 1427 1545 1538 scriptor,
1601 1427 1738 1539 qui
1777 1425 2013 1536 polite
2047 1449 2121 1511 at
2175 1457 2267 1510 ue
2301 1429 2567 1513 ornate
2616 1473 2620 1478 v

663 1543 1034 1659 ioquitur‚
1086 1546 1169 1625 ὅ(
1215 1556 1622 1651 graecarum
1667 1537 2060 1622 literarum
2092 1459 2200 1622 ecit
2234 1538 2567 1649 peritissi-

663 1675 883 1764 ‘musg
936 1677 1025 1738 ut
1061 1679 1427 1776 nequeam
1464 1679 1728 1737 eorum
1777 1650 2115 1735 accedere
2161 1651 2572 1757 sententiaa

658 1764 797 1877 qui
835 1794 1011 1848 eum
1046 1762 1378 1872 judicant
1407 1792 1614 1846 more
1638 1761 2236 1847 Hellenistarum
2280 1793 2568 1874 perora·

654 1901 788 1984 τες
845 1873 1208 1999 siquidem
1235 1900 1361 1955 eos
1392 1871 1851 1956 Hellenistas
1877 1874 2118 1958 velint
2154 1876 2296 1958 effe
2315 1877 2564 1983 Judae-

655 2013 764 2087 os,
816 2013 951 2101 qui
977 2011 1136 2068 non
1173 2012 1485 2093 graecam
1516 1984 1838 2094 phrasin,
1894 1985 2020 2067 sed
2051 1986 2403 2072 idiomate
2433 1989 2562 2072 he-

652 2094 856 2181 braeo
889 2116 1320 2206 corruptam
1356 2093 1837 2205 usurpabant.
1938 2096 2322 2209 Josephus'
2355 2103 2557 2189 enim

648 2210 958 2319 prorsus
995 2207 1229 2318 graece
1264 2207 1634 2321 loquitur,
1683 2230 1770 2290 ut
1815 2209 2221 2319 nequidem
2265 2214 2563 2319 melius,

649 2343 742 2406 ut
780 2350 944 2409 mea
973 2321 1123 2405 fert
1148 2320 1436 2433 opinio,
1490 2318 1888 2434 quisquam
1914 2322 2228 2407 scribere
2256 2325 2486 2437 poffit.

767 2461 839 2538 3.
892 2434 1132 2537 Quod
1162 2435 1254 2517 ad
1293 2435 1453 2543 ejus
1489 2432 1721 2542 igitur
1752 2433 2036 2543 stylum
2074 2436 2373 2547 spectat,
2402 2440 2551 2521 hoc

645 2544 756 2628 est
810 2545 1189 2654 phrafium
1242 2544 1794 2659 verborumque
1847 2547 2109 2657 saepius
2161 2551 2552 2659 usurpato-

641 2657 817 2741 rum
855 2656 1252 2757 delestum‚
1305 2677 1395 2739 ut
1434 2657 1518 2738 in
1543 2656 1833 2740 dicendi
1870 2689 2165 2769 genere,
2219 2662 2310 2746 fic
2350 2692 2541 2776 quo-

640 2767 900 2879 quein
930 2768 1127 2877 stylo
1154 2766 1404 2849 varius
1428 2769 1556 2850 est.
1582 2770 1788 2852 Nam
1809 2770 1890 2852 in
1918 2772 2117 2859 libro
2142 2774 2234 2856 de
2251 2775 2550 2859 Macca⁴

638 2875 840 2981 bacis,
893 2902 978 2962 ut
1017 2880 1267 2989 pafiim
1304 2879 1388 2961 in
1432 2880 1922 2984 orationibUS‚
1975 2890 2058 2967 ὃ(
2105 2886 2188 2969 in
2242 2886 2547 2999 quibus-

636 2990 811 3076 dam
839 2991 1418 3091 narrationibuS‚
1471 2992 1578 3073 est
1615 2991 1957 3077 sublimis
1991 3019 2217 3111 atque
2255 2998 2543 3107 magni·

636 3101 843 3187 ficus.
953 3106 1048 3187 In
1081 3102 1247 3185 aliis
1291 3131 1470 3184 vero
1498 3104 1580 3185 in
1612 3105 2055 3203 mediocrem
2100 3108 2395 3191 dicendi
2426 3139 2542 3193 ra-

632 3213 922 3299 tionem
951 3214 1404 3328 quandoque
1441 3215 1852 3326 delabitur5
1905 3218 1986 3300 in
2021 3246 2324 3304 tenuem
2356 3223 2543 3305 rari·
2677 3331 2684 3336 ὴ

629 3322 723 3407 ‘hs
749 3338 882 3410 'aut
909 3353 1341 3439 nunquam3
1393 3327 1603 3429 adeo,
1660 3352 1748 3409 ut
1777 3331 1984 3441 quod
2011 3332 2130 3415 illi
2162 3338 2208 3416 a
2236 3334 2541 3449 quibus-

587 3437 804 3521 -dam
852 3438 962 3522 est
1015 3438 1491 3540 attributum,
1548 3468 1961 3549 graecorum
2016 3445 2287 3530 Livius
2337 3476 2539 3530 nun-

626 3549 887 3658 cupari
936 3552 1103 3659 jure
1145 3568 1536 3634 mereatur.
1646 3555 1930 3651 Quoad
1988 3558 2271 3667 stylum
2324 3566 2530 3661 vero,

598 3680 711 3745 ut
738 3661 984 3749 multa
1019 3659 1326 3774 scripfit,
1379 3663 1481 3746 ita
1519 3692 1829 3777 quoque
1861 3667 2112 3753 varius
2142 3672 2289 3779 est5
2345 3668 2529 3750 licet

2267 3817 2271 3821 ⁴
2365 3807 2529 3864 non
